@Book{postquantumBernstein,
	editor = {J. Bernstein, Daniel And {Johannes Buchmann And {Erik Dahmen}}},
	title = {Post-Quantum Cryptography},
	publisher = {Springer},
	year = {2009},
}

@Book{cryptographyTAP,
	author= {Douglas R. Stinson},
	title = {Cryptography, Theory and Practice},
	publisher = {Chapman \& Hall/CRC},
	year = {2006},
	series = {Discrete Mathematics And Its Applications},
	edition = {3},
}

@book{quantumcomputing,
	author= {Noson S. Yanofsky And {Mirco A. Mannucci}},
	title={Quantum computing for computer scientists},
	publisher={Cambridge University Press},
	year={2008}
}

@book{quantuminformation,
	author = {Michael A. Nielsen And {Isaac L.Chuang}},
	title = {Quantum Computation and Quantum Information},
	publisher = {Cambridge University Press},
	year = {2000},

}

@Book{afuncional,
	author= {A. Aizpuru Tomás},
	title = {Apuntes incompletos de Análisis Funcional},
	publisher = {Universidad de Cádiz},
	year = {2004}
}
